<record><leader>00000cas a22000007a 4500</leader><controlfield tag="001">8766505</controlfield><controlfield tag="008">820911d19731983ctudn ne      0   a0eng  </controlfield><controlfield tag="009">466</controlfield><datafield ind1=" " ind2=" " tag="010"><subfield code="a">sn 93053958 </subfield><subfield code="z">sn 82014084 </subfield></datafield><datafield ind1=" " ind2=" " tag="040"><subfield code="a">DLC</subfield><subfield code="b">eng</subfield><subfield code="c">DLC</subfield><subfield code="d">CNW</subfield><subfield code="d">OCLCQ</subfield></datafield><datafield ind1="1" ind2=" " tag="029"><subfield code="a">AU@</subfield><subfield code="b">000025907978</subfield></datafield><datafield ind1=" " ind2=" " tag="042"><subfield code="a">msc</subfield></datafield><datafield ind1="0" ind2=" " tag="130"><subfield code="a">Register (Torrington, Conn.)</subfield></datafield><datafield ind1="0" ind2="4" tag="245"><subfield code="a">The register.</subfield></datafield><datafield ind1="1" ind2="3" tag="246"><subfield code="a">Torrington register</subfield><subfield code="f">1973-1974</subfield></datafield><datafield ind1=" " ind2=" " tag="260"><subfield code="a">Torrington, Conn.</subfield><subfield code="b">Torrington Register Pub. Corp.</subfield></datafield><datafield ind1=" " ind2=" " tag="300"><subfield code="a">v. :</subfield><subfield code="b">ill. ;</subfield><subfield code="c">58 cm.</subfield></datafield><datafield ind1=" " ind2=" " tag="310"><subfield code="a">Daily (except Sun. and holidays)</subfield></datafield><datafield ind1="0" ind2=" " tag="362"><subfield code="a">Vol. 99, no. 65 (Mar. 17, 1973)-v. 110, no. 306 (Dec. 31, 1983).</subfield></datafield><datafield ind1=" " ind2=" " tag="500"><subfield code="a">"Independent."</subfield></datafield><datafield ind1=" " ind2=" " tag="530"><subfield code="a">Available on microfilm from New England Micrographics, Marlboro, Mass.</subfield></datafield><datafield ind1=" " ind2="4" tag="651"><subfield code="a">Torrington (Conn.)</subfield><subfield code="v">Newspapers.</subfield></datafield><datafield ind1=" " ind2="4" tag="651"><subfield code="a">Litchfield County (Conn.)</subfield><subfield code="v">Newspapers.</subfield></datafield><datafield ind1=" " ind2=" " tag="752"><subfield code="a">United States</subfield><subfield code="b">Connecticut</subfield><subfield code="c">Litchfield</subfield><subfield code="d">Torrington.</subfield></datafield><datafield ind1="0" ind2="0" tag="780"><subfield code="t">Torrington register (Torrington, Conn. : 1914 : Daily)</subfield><subfield code="w">(DLC)sn 83015196</subfield><subfield code="w">(OCoLC)8807598</subfield></datafield><datafield ind1="0" ind2="7" tag="785"><subfield code="t">Winsted citizen</subfield><subfield code="w">(DLC)sn 93053949</subfield></datafield><datafield ind1="0" ind2="7" tag="785"><subfield code="t">Register citizen</subfield><subfield code="w">(DLC)sn 84007955</subfield><subfield code="w">(OCoLC)10310442</subfield></datafield></record>